@article{soni2020diabetes,
  title={Diabetes prediction using machine learning techniques},
  author={Soni, Mitushi and Varma, Sunita},
  journal={International Journal of Engineering Research \& Technology (IJERT)},
  volume={9},
  number={09},
  pages={2278--0181},
  year={2020}
}



@article{rosenblatt1958perceptron,
  title={The perceptron: a probabilistic model for information storage and organization in the brain.},
  author={Rosenblatt, Frank},
  journal={Psychological review},
  volume={65},
  number={6},
  pages={386},
  year={1958},
  publisher={American Psychological Association}
}


@incollection{begum2024machine,
  title={Machine learning approaches to diabetes prediction: A comprehensive evaluation},
  author={Begum, Almas and David, S Alex and Hemalatha, D and Belinda, MJ Carmel Mary and Naveena, N Ruth and Cyrilraj, V},
  booktitle={Artificial Intelligence and Information Technologies},
  pages={137--143},
  year={2024},
  publisher={CRC Press}
}

@book{hosmer2013applied,
  title={Applied logistic regression},
  author={Hosmer Jr, David W and Lemeshow, Stanley and Sturdivant, Rodney X},
  year={2013},
  publisher={John Wiley \& Sons}
}


@article{el_jerjawi2018diabetes,
  title={Diabetes prediction using artificial neural network},
  author={El\_Jerjawi, Nesreen Samer and Abu-Naser, Samy S},
  year={2018}
}

@article{ghorbani2019predictive,
  title={Predictive data mining approaches in medical diagnosis: A review of some diseases prediction},
  author={Ghorbani, Ramin and Ghousi, Rouzbeh},
  journal={International Journal of Data and Network Science},
  volume={3},
  number={2},
  pages={47--70},
  year={2019}
}

@book{hastie2009elements,
  title={The elements of statistical learning: data mining, inference, and prediction},
  author={Hastie, Trevor and Tibshirani, Robert and Friedman, Jerome H and Friedman, Jerome H},
  volume={2},
  year={2009},
  publisher={Springer}
}

@article{diederik2014adam,
  title={Adam: A method for stochastic optimization},
  author={Diederik, P Kingma},
  journal={(No Title)},
  year={2014}
}